<record><leader>00000cas a22000007a 4500</leader><controlfield tag="001">12175957</controlfield><controlfield tag="008">850619c19839999lauwr ne      0   a0eng d</controlfield><datafield ind1=" " ind2=" " tag="010"><subfield code="a">sn 85007260 </subfield></datafield><datafield ind1=" " ind2=" " tag="040"><subfield code="a">NSD</subfield><subfield code="b">eng</subfield><subfield code="c">NSD</subfield><subfield code="d">OCL</subfield><subfield code="d">NSD</subfield><subfield code="d">LNP</subfield><subfield code="d">OCLCQ</subfield></datafield><datafield ind1=" " ind2=" " tag="012"><subfield code="j">0</subfield><subfield code="m">1</subfield></datafield><datafield ind1="1" ind2=" " tag="022"><subfield code="a">0883-6507</subfield><subfield code="l">0883-6507</subfield><subfield code="2">1</subfield></datafield><datafield ind1=" " ind2=" " tag="032"><subfield code="a">744910</subfield><subfield code="b">USPS</subfield></datafield><datafield ind1=" " ind2=" " tag="037"><subfield code="b">The Gueydan Journal, % Crowley Post-Signal, 602 N. Parkerson, Crowley, LA 70526</subfield></datafield><datafield ind1=" " ind2=" " tag="042"><subfield code="a">nsdp</subfield></datafield><datafield ind1=" " ind2="4" tag="222"><subfield code="a">The Gueydan journal</subfield></datafield><datafield ind1="0" ind2="4" tag="245"><subfield code="a">The Gueydan journal.</subfield></datafield><datafield ind1=" " ind2=" " tag="260"><subfield code="a">Gueydan, La. :</subfield><subfield code="b">Meceal H. Smith</subfield></datafield><datafield ind1=" " ind2=" " tag="300"><subfield code="a">v.</subfield></datafield><datafield ind1=" " ind2=" " tag="310"><subfield code="a">Weekly</subfield></datafield><datafield ind1="1" ind2=" " tag="362"><subfield code="a">Began in 1983?</subfield></datafield><datafield ind1=" " ind2=" " tag="588"><subfield code="a">Description based on: Vol. 2, no. 36 (Nov. 22, 1984).</subfield></datafield><datafield ind1=" " ind2="4" tag="651"><subfield code="a">Gueydan (La.)</subfield><subfield code="v">Newspapers.</subfield></datafield><datafield ind1=" " ind2=" " tag="752"><subfield code="a">United States</subfield><subfield code="b">Louisiana</subfield><subfield code="c">Vermilion</subfield><subfield code="d">Gueydan.</subfield></datafield><datafield ind1=" " ind2=" " tag="936"><subfield code="a">Nov. 22, 1984</subfield></datafield><datafield ind1="1" ind2=" " tag="029"><subfield code="a">AU@</subfield><subfield code="b">000020375705</subfield></datafield></record>